2264 3138
992 1009 1305 1061 {APUT
1378 1012 1498 1062 VI.

438 1232 539 1324 De·
566 1233 720 1324 Usu
743 1230 1197 1325 Formarum
1224 1233 1771 1367 Declinationis
1791 1234 2023 1326 Verbi

879 1525 933 1553 lm
956 1525 1209 1553 mesmnx‘rm
1232 1525 1563 1554 DEOMNATIONIS.

580 1643 796 1683 Hactenus
814 1643 1171 1682 consideravimus
1192 1644 1415 1693 praecipue
1436 1645 1736 1694 etymologiam
1767 1646 2013 1692 formarum,

430 1716 550 1754 iuxta
587 1727 690 1765 quas
728 1716 900 1753 verbum
938 1715 1183 1754 declinatur.
1244 1715 1291 1753 In
1325 1716 1515 1754 articulis
1533 1728 1638 1766 quae
1659 1720 1908 1766 sequuntur,
1932 1718 2018 1756 vim

428 1787 752 1836 significativam
781 1787 1006 1826 earundem
1044 1788 1273 1825 formarum
1312 1787 1676 1835 investigabimus,
1702 1788 1790 1827 illas
1850 1801 2015 1839 compa-

427 1861 559 1898 rando
576 1871 669 1897 cum
717 1859 859 1896 formis
906 1859 1260 1906 respondentibus
1290 1859 1456 1908 linguan,
1494 1859 1662 1898 latina‘.
1722 1860 1949 1909 Incipimus
1988 1872 2013 1898 a

431 1932 671 1970 desinentia
689 1931 998 1970 declinationis.

577 2003 638 2041 Ut
681 2003 918 2052 expeditius
965 2003 1193 2051 loquamur,
1231 2002 1537 2051 appellabimus
1568 2003 1801 2051 productam
1839 2004 2013 2043 formam

428 2074 540 2113 illam
562 2075 785 2121 verbalem,
808 2087 913 2124 quae
942 2074 1070 2112 habet
1106 2074 1383 2113 desinentiam
1420 2074 1731 2121 declinationis;
1751 2078 1795 2114 et
1833 2076 2017 2124 appella-

430 2146 565 2185 bimus
584 2147 795 2194 m'mplo'cem
815 2146 927 2185 illam
948 2147 1136 2192 formam,
1159 2157 1264 2194 quae
1283 2149 1400 2184 caret
1418 2146 1662 2185 desinentia
1698 2146 2006 2185 declinationis.

431 2219 718 2256 Desinentiam
756 2218 1049 2256 declinationis
1082 2217 1342 2266 appellamus
1370 2218 1575 2267 syllabam
1596 2218 1758 2256 finalem
1778 2218 1879 2257 ivel
1898 2220 1949 2265 πῖ,
1974 2219 2014 2256 in

427 2302 550 2340 quam
570 2291 770 2328 desinunt
792 2291 950 2328 formae
971 2289 1159 2328 vernales
1178 2290 1350 2327 cuiusve
1385 2289 1547 2336 elassis,
1571 2293 1614 2328 et
1650 2289 1855 2338 syllabam
1891 2303 1943 2336 qe,
1970 2291 2013 2328 in

428 2374 552 2411 quam
570 2362 771 2400 desinunt
791 2363 950 2400 formae
972 2361 1161 2400 verbales
1180 2362 1385 2399 secundae
1402 2361 1550 2399 classis
1586 2361 1625 2399 in
1665 2373 1837 2400 numero
1874 2361 2017 2411 singu-

429 2434 516 2472 lari.
574 2434 720 2473 Litera
756 2447 805 2480 m,
828 2445 951 2483 quam
991 2435 1118 2471 verba
1146 2433 1267 2470 huius
1286 2432 1433 2471 classis
1454 2436 1678 2471 assumunt
1698 2437 1794 2482 post
1814 2433 2013 2473 reiectam

428 2506 708 2544 desinentiam
728 2519 783 2552 qe.
808 2517 887 2543 non
909 2509 975 2543 est
995 2504 1185 2543 habenda
1204 2508 1251 2542 ut
1270 2504 1505 2543 desinentia
1524 2505 1831 2551 declinationis,
1857 2504 1929 2543 sed
1966 2508 2015 2543 ut

429 2578 551 2617 litera
579 2578 767 2628 phonica.

575 2650 871 2689 Consideranti
916 2650 1174 2699 paradigma
1196 2649 1489 2688 declinationis
1523 2651 1747 2687 verborum
1785 2649 1906 2687 facile
1939 2661 2009 2699 ap-

430 2723 609 2772 parebit,
635 2723 791 2761 formas
810 2733 954 2760 omnes
974 2721 1273 2771 participiales‚
1297 2725 1341 2759 et
1369 2722 1526 2760 formas
1562 2721 1803 2770 imperativi
1839 2726 1885 2759 et
1920 2723 2015 2760 sub-

431 2794 605 2833 iunctivi
641 2794 749 2832 modi
786 2805 876 2832 esse.
907 2806 1052 2832 omnes
1080 2794 1306 2842 simplices:
1327 2797 1479 2832 contra
1498 2804 1590 2831 esse
1609 2793 1837 2841 produc-tas
1858 2794 2015 2832 formas

1200 2877 1247 2914 89
